<?xml version="1.0" encoding="UTF-8"?><collection xmlns="http://www.loc.gov/MARC21/slim"><record><leader>00519nam--2200181-u-4500</leader><controlfield tag="001">000054492</controlfield><controlfield tag="002">20161230</controlfield><controlfield tag="005">20161230201051</controlfield><controlfield tag="008">120111s1000------------r-----000-0-fre-d</controlfield><datafield ind1=" " ind2=" " tag="040"><subfield code="a">IFIN-HH</subfield></datafield><datafield ind1=" " ind2=" " tag="041"><subfield code="a">fre</subfield></datafield><datafield ind1=" " ind2=" " tag="080"><subfield code="a">539.122(043)</subfield></datafield><datafield ind1="1" ind2=" " tag="100"><subfield code="a">Pare, Eric</subfield></datafield><datafield ind1="1" ind2="0" tag="245"><subfield code="a">Etude des paires de photons a grande impulsion transverse produites par des pions a 200 gev/c</subfield><subfield code="b">These</subfield><subfield code="c">Eric pare</subfield></datafield><datafield ind1=" " ind2=" " tag="260"><subfield code="a">Orsay</subfield><subfield code="b">Universite De Paris-sud</subfield><subfield code="c">1983</subfield></datafield><datafield ind1=" " ind2=" " tag="300"><subfield code="a">103P</subfield></datafield><datafield ind1=" " ind2=" " tag="852"><subfield code="a">72443</subfield><subfield code="c">539.12</subfield></datafield><datafield ind1=" " ind2=" " tag="CAT"><subfield code="a">Sys</subfield><subfield code="c">20120111</subfield><subfield code="h">090905</subfield></datafield></record></collection>